@article{gluchowski98,
	author = {Peter Gluchowski},
	year  = {1998},
	title = {Werkzeuge zur Implementierung des betrieblichen Berichtswesens},
	journal = {WISU - Das Wirtschaftsstudium},
	volume = {Heft 10, Oktober 1998},
	pages = {1174 - 1188},
}

@book{gluchowski08,
	author = {Peter Gluchowski and Roland Gabriel and Carsten Dittmar},
	title = {Management Support Systeme und Business Intelligence. Computergestützte Informationssysteme für Fach- und Führungskräfte},
	publisher = {Springer-Verlag},
	year = {2008},
	edition = {2},
	isbn = {9783898646062}
}

@inproceedings{lessweng03,
  author    = {Hans-Peter Leßweng},
  title     = {Business Intelligence Tools: Plädoyer für die Integration des Prozesses 'Berichtsdiskussion'},
  booktitle = {Wirtschaftsinformatik (2)},
  year      = {2003},
  pages     = {333-352},
  crossref  = {uhr03},
}

@proceedings{faix10_1,
  editor    = {Werner G. Faix and Michael Auer},
  title     = {Talent. Kompetenz. Management. Band 1},
  series    = {1},
  publisher = {Steinbeis-Edition},
  year      = {2010},
  isbn      = {9783938062883},
}

@misc{ludwig04,
	author = {Kerstin A. Ludwig},
	publisher = {Universität Konstanz},
	title = {STAR. Visualisierung von Daten},
	month = {April},
	year = {2004},
	howpublished = {\url{http://hci.uni-konstanz.de/downloads/STAR_Ludwig.pdf}},
}

@manual{romoverview,
	publisher = {{Eclipse Foundation}},
	title = {{BIRT} Report Object Model - Overview. Functional Specification},
	year = {2005},
	month = {Mai},
	organization = {Eclipse Foundation},
	uri = {http://eclipse.org/birt/phoenix/ref/ROM_Overview_SPEC.pdf}
}
